@online{gps:wiki,
	TITLE = {Global Positioning System},
	URL = {http://de.wikipedia.org/wiki/Global_Positioning_System}
}
