@online(descent:wiki,
	URL = {http://en.wikipedia.org},
	TITLE = {Gradient descent}
)

@book(descent:geigerkanzow,
	TITLE = {Numerische Verfahren zur L"osung unrestringierter Optimierungsaufgaben},
	AUTHOR = {Carl Geiger und Christian Kanzow},
	PUBLISHER = {Verlag Springer DE},
	YEAR = 1999
)
