
@book{bib:buch1,
	AUTHOR = {Dr. Ludwig Fahrmeir, Dr. Alfred Hamerle, Dr. Gerhard Tutz},
	YEAR = 1996,
	TITLE = {Multivariate statistische Verfahren},
	PUBLISHER = {Verlag de Gruyter},
	EDITION = {2. Auflage}
}

@book{bib:buch2,
	AUTHOR = {Dr. Lothar Harzheim},
	TITLE = {Strukturoptimierung: Grundlagen und Anwendungen},
	PUBLISHER = {Verlag Harri Deutsch},
	EDITION = {2. Auflage},
	YEAR = 2007
}

@proceedings{bib:simulation,
	TITLE = {Proceedings of the 1991 Winter Simulation Conference},
	YEAR = 1991
}

@inproceedings{bib:rauschen,
	AUTHOR = {Russel R. Barton, John W. Ivey, Jr.},
	INSTITUTION = { Department of Industrial and Management Systems Engineering, The Pensylvania State University },
	TITLE = {Modifications of the Nelder-Mead simplex method for stochastic simulation response optimization},
	ADDRESS = {University Park, Pensylvania 16802},
	BOOKTITLE = {Proceedings of the 1991 Winter Simulation Conference},
	PAGES = {945--953},
	URL = {http://www.informs-sim.org/wsc91papers/1991_0126.pdf}
}

@online{bib:link1,
	TITLE = {Erweiterung der Intervallunterteilungsmethoden Downhill Simplex},
	URL = {http://alphard.ethz.ch/}
}

@online{bib:link2,
	TITLE = {Nelder-Mead method},
	URL = {http://en.wikipedia.org/wiki/Nelder-Meade_method}
}

@online{bib:link3,
	TITLE = {Downhill-Simplex-Verfahren},
	URL = {http://de.wikipedia.org/wiki/Downhill-Simplex-Verfahren}
}
	
@online{bib:link4,
	TITLE = {Simplex (Mathematik)},
	URL = {http://de.wikipedia.org/wiki/Simplex_(Mathematik)}
}

