@online{ip:wiki,
	TITLE = {Innere-Punkte-Verfahren},
	URL = {http://de.wikipedia.org/wiki/Innere-Punkte-Verfahren}
}

@online{ip:glpk,
	TITLE = {Linear Programming},
	URL = {http://www.gnu.org/software/octave/doc/interpreter/Linear-Programming.html}
}

@online{ip:tunc,
	TITLE = {Der Simplexalgorithmus und Innere-Punkt-Moethoden zur L"osung linearer Optimierungsprobleme},
	AUTHOR = {Birg\"ul Tunc},
	YEAR = 2008,
	URL = {http://www.ruhr-uni-bochum.de/num1/files/theses/da_tunc.pdf}
}

@include{ip:werner,
	AUTHOR = {Jochen Werner},
	YEAR = 2007,
	TITLE = {Innere-Punkt-Verfahren bei linearen Optimierungsaufgaben},
	URL = {http://www.math.uni-hamburg.de/home/j.werner/kap4.pdf}
}

