% Hier kommen Referenzen hinein
% Damit diese auch gefunden werden, muss im Hauptverzeichnis
% bibtex "datei.aux" also hier diplom.aux ausgeführt werden 

@Online{Wikipedia,
	title = {Fermatsches Prinzip},
	url = {http://de.wikipedia.org/wiki/Fermatsches_Prinzip},
	year = {2.4.2013}
}
@Online{opticFibre,
	title = {McGraw-Hill Concise Encyclopedia of Physics},
	url = {http://encyclopedia2.thefreedictionary.com/Optical+fibers},
	year = {2002}
}

@Online{DefinitionFermat,
	title = {Das Fermatsche Prinzip},
	url = {http://wwwex.physik.uni-ulm.de/lehre/gk3a-2003/node22.html},
	year = {21.5.2013}
}
@Online{cosh,
	author = {Felix von Oppen},
	title = {Seite 2 von "Ubungsaufgaben},
	url = {http://users.physik.fu-berlin.de/~bode/teaching/ss07/blatt6.pdf},
	year = {9.06.2006},
	pages = {2}
}

@Article{ImageSequenceEnhancementUsingSubPixelDisplacements,
	author = {Danny Kerren and Shmuel Peleg and Rafi Brada},
	title = {Image Sequence Enhancement Using Sub-pixel Displacements},
	year = {1988},
}
@INPROCEEDINGS{fataEinleitung,
	author = {Mandorf; Nordmeier, Volkhard; Schlichting, H. Joachim},
	title = {In: H. Behrend (Hrsg.): Zur Didaktik der Physik und Chemie. Alsbach: Leuchtturm},
	booktitle = {},
	year = {1994},
	pages = {359}
}

