@techreport{ChuanLin-HSPSO,
	AUTHOR  = {Chuan Lin Quanyuan Feng},
	TITLE   = {A Hierarchical Subpopulation Particle Swarm Optimization Algorithm},  
	YEAR    = 2007,
	INSTITUTION	= {Southwest Jiaotong University}
}

@techreport{Clerc-Standards,
	AUTHOR	= {Maurice Clerc},
	TITLE	= {Standard Particle Swarm Optimisation From 2006 to 2011},
	YEAR	= 2012
}

@techreport{Clerc-Stagnation,
	AUTHOR	= {Maurice Clerc},
	TITLE	= {Stagnation analysis in particle swarm optimization or what happens when nothing happens},
	YEAR	= 2006
}

@phdthesis{Diss-Ledermann,
	AUTHOR	= {Thomas Ledermann},
	TITLE	= {Partikel-Schwarm-Optimierung zur Objektlageerkennung in Tiefendaten},
	SCHOOL	= {Universität Stuttgart},
	YEAR	= 2012
}

@techreport{Shi-Appl,
	AUTHOR	= {Yuhui Shi},
	TITLE	= {Particle Swarm Optimization: Developments, Applications and Resources},
	INSTITUTION	= {Purdue School of Engineering and Technology, Indianapolis},
	YEAR	= 2001
}

@techreport{Han-Modification,
	AUTHOR	= {Huiyuan Fan},
	TITLE	= {A modification to particle swarm optimization algorithm}, 
	INSTITUTION = {Turbo and Jet Engine Laboratory, Israel Institute of Technology},
	YEAR	= 2002
}

@techreport{shi-eberhart,
	AUTHOR	= {Yuhui Shi, Russel Eberhart},
	TITLE	= {A Modified Particle Swarm Optimizer},
	INSTITUTION	= {Purdue University, Indianapolis},
	YEAR	= 1998
}

@techreport{melchior-bsc,
	AUTHOR	= {Jan Melchior},
	TITLE 	= {Implementierung von Partikel-Schwarm-Optimierung und Vergleich mit einer Evolutionsstrategie},
	INSTITUTION = {Ruhr-Universität Bochum},
	YEAR	= 2008
}

@techreport{partice-swarm-optimization,
	AUTHOR	= {Stefan Wagner},
	TITLE	= {Partikelschwarmoptimierung},
	INSTITUTION = {Technische Universität Chemnitz},
	YEAR	= 2010
}

@techreport{uulm,
	AUTHOR	= {Matthias Schneider},
	TITLE	= {Schwarmintelligenz und evolutionäre Algorithmen in Recommendersystemen},
	INSTITUTION = {Universität Ulm},
	YEAR	= 2010
}

@techreport{schutte-sizing,
	AUTHOR	= {J.F. Schutte and A.A. Groenwold},
	TITLE	= {Sizing design of truss structures using particle swarms},
	INSTITUTION = {University of Pretoria, Pretoria, South Africa},
	YEAR	= 2001
}

@online{partikelschwarm:github,
	AUTHOR = {Hannes Badertscher und Gregor Dengler},
	TITLE = {Beispielimplementation Teilchenschwarm-Optimierung},
	YEAR = 2013,
	URL = {https://github.com/HBadertscher/PSO-Code.git}
}
